<record><leader>00000cas a22000007i 4500</leader><controlfield tag="001">320331429</controlfield><controlfield tag="008">090506d18821uuumiumr ne      0    0eng c</controlfield><datafield ind1=" " ind2=" " tag="010"><subfield code="a">  2013257167</subfield></datafield><datafield ind1=" " ind2=" " tag="040"><subfield code="a">MUS</subfield><subfield code="b">eng</subfield><subfield code="e">rda</subfield><subfield code="c">MUS</subfield><subfield code="d">OCLCQ</subfield><subfield code="d">INU</subfield><subfield code="d">OCLCF</subfield></datafield><datafield ind1=" " ind2=" " tag="042"><subfield code="a">msc</subfield></datafield><datafield ind1=" " ind2=" " tag="043"><subfield code="a">n-us-mi</subfield></datafield><datafield ind1=" " ind2=" " tag="090"><subfield code="a">PN4829.D69</subfield><subfield code="b">L58</subfield></datafield><datafield ind1="0" ind2=" " tag="130"><subfield code="a">Little news (Dowagiac, Mich.)</subfield></datafield><datafield ind1="1" ind2="4" tag="245"><subfield code="a">The little news.</subfield></datafield><datafield ind1=" " ind2="1" tag="264"><subfield code="a">Dowagiac, Mich. :</subfield><subfield code="b">[Bigelow Bros.]</subfield></datafield><datafield ind1="3" ind2="1" tag="264"><subfield code="3">&lt;Aug. 10, 1883-&gt;:</subfield><subfield code="a">Dowagiac, Mich. :</subfield><subfield code="b">Lewis C. Bigelow</subfield></datafield><datafield ind1=" " ind2=" " tag="300"><subfield code="a">volumes ;</subfield><subfield code="c">9-24 cm</subfield></datafield><datafield ind1=" " ind2=" " tag="310"><subfield code="a">Monthly</subfield></datafield><datafield ind1=" " ind2=" " tag="336"><subfield code="a">text</subfield><subfield code="b">txt</subfield><subfield code="2">rdacontent</subfield></datafield><datafield ind1=" " ind2=" " tag="337"><subfield code="a">unmediated</subfield><subfield code="b">n</subfield><subfield code="2">rdamedia</subfield></datafield><datafield ind1=" " ind2=" " tag="338"><subfield code="a">volume</subfield><subfield code="b">nc</subfield><subfield code="2">rdacarrier</subfield></datafield><datafield ind1="1" ind2=" " tag="362"><subfield code="a">Began in 1882.</subfield></datafield><datafield ind1=" " ind2=" " tag="500"><subfield code="a">Edited by: Bigelow Bros. (H.W. &amp; L.C. Bigelow), &lt;Dec. 1882-Apr. 26, 1883&gt;; Lewis C. Bigelow, &lt;Aug. 10, 1883-&gt;</subfield></datafield><datafield ind1=" " ind2=" " tag="588"><subfield code="a">Description based on: Vol. 1, no. 5 (December 1882); title from cover.</subfield></datafield><datafield ind1=" " ind2=" " tag="588"><subfield code="a">Latest issue consulted: Vol. 2, no. 1 (August 10, 1883) = whole number 13.</subfield></datafield><datafield ind1=" " ind2="0" tag="650"><subfield code="a">Amateur journalism</subfield><subfield code="v">Newspapers.</subfield></datafield><datafield ind1=" " ind2="0" tag="651"><subfield code="a">Dowagiac (Mich.)</subfield><subfield code="v">Newspapers.</subfield></datafield><datafield ind1=" " ind2="7" tag="655"><subfield code="a">Newspapers.</subfield><subfield code="2">fast</subfield><subfield code="0">(OCoLC)fst01423814</subfield></datafield><datafield ind1=" " ind2="7" tag="650"><subfield code="a">Amateur journalism.</subfield><subfield code="2">fast</subfield><subfield code="0">(OCoLC)fst00806670</subfield></datafield><datafield ind1=" " ind2="7" tag="651"><subfield code="a">Michigan</subfield><subfield code="z">Dowagiac.</subfield><subfield code="2">fast</subfield><subfield code="0">(OCoLC)fst01231425</subfield></datafield><datafield ind1="1" ind2=" " tag="700"><subfield code="a">Bigelow, Lewis C.</subfield></datafield><datafield ind1="1" ind2=" " tag="700"><subfield code="a">Bigelow, H. W.</subfield></datafield></record>